<record><leader>00000cas a22000007a 4500</leader><controlfield tag="001">27000960</controlfield><controlfield tag="008">921119d19411973riuwr ne      0    0eng d</controlfield><datafield ind1=" " ind2=" " tag="010"><subfield code="a">sn 92064225 </subfield></datafield><datafield ind1=" " ind2=" " tag="040"><subfield code="a">RHN</subfield><subfield code="b">eng</subfield><subfield code="c">RHN</subfield><subfield code="d">OCLCQ</subfield></datafield><datafield ind1=" " ind2=" " tag="042"><subfield code="a">msc</subfield></datafield><datafield ind1="0" ind2="0" tag="245"><subfield code="a">Quonset scout.</subfield></datafield><datafield ind1="1" ind2="3" tag="246"><subfield code="a">Quonset scout, the Davisville yardarm</subfield><subfield code="f">Apr. 5-July 19, 1973</subfield></datafield><datafield ind1="1" ind2="3" tag="246"><subfield code="a">Davisville yardarm</subfield><subfield code="f">Apr. 5-July 19, 1973</subfield></datafield><datafield ind1="1" ind2="7" tag="246"><subfield code="a">Scout-yardarm</subfield><subfield code="f">Apr. 5-July 19, 1973</subfield></datafield><datafield ind1=" " ind2=" " tag="260"><subfield code="a">Quonset Point [North Kingstown, R.I.] :</subfield><subfield code="b">U.S. Naval Air Station</subfield></datafield><datafield ind1=" " ind2=" " tag="300"><subfield code="a">v.</subfield></datafield><datafield ind1=" " ind2=" " tag="310"><subfield code="a">Weekly,</subfield><subfield code="b">Jan. 15, 1952-July 19, 1973</subfield></datafield><datafield ind1=" " ind2=" " tag="321"><subfield code="a">Monthly,</subfield><subfield code="b">1941-&lt;1942&gt;</subfield></datafield><datafield ind1=" " ind2=" " tag="321"><subfield code="a">Semimonthly,</subfield><subfield code="b">&lt;1943&gt;</subfield></datafield><datafield ind1=" " ind2=" " tag="321"><subfield code="a">Weekly,</subfield><subfield code="b">&lt;Apr. 26, 1945&gt;-July 24, 1950</subfield></datafield><datafield ind1=" " ind2=" " tag="321"><subfield code="a">Biweekly,</subfield><subfield code="b">Aug. 7, 1950-Dec. 17, 1951</subfield></datafield><datafield ind1="0" ind2=" " tag="362"><subfield code="a">No. 1 (Nov. 1941) ; v. 1, no. 2 (Dec. 1941)-v. 32, no. 29 (July 19, 1973).</subfield></datafield><datafield ind1=" " ind2=" " tag="500"><subfield code="a">Published in East Greenwich, R.I., Jan. 13, 1960-Dec. 25, 1963; North Kingstown, R.I., Jan. 10-Dec. 25, 1964; East Greewich, R.I., Jan. 8, 1965-July 19, 1973.</subfield></datafield><datafield ind1=" " ind2=" " tag="500"><subfield code="a">Published for personnel of the Naval Air Station, Quonset Point, R.I.</subfield></datafield><datafield ind1=" " ind2=" " tag="580"><subfield code="a">Simultaneously published as the Yardarm (East Greenwich, R.I.), Apr. 5-July 19, 1973.</subfield></datafield><datafield ind1=" " ind2="4" tag="651"><subfield code="a">Quonset Point (North Kingstown, R.I.)</subfield><subfield code="v">Newspapers.</subfield></datafield><datafield ind1=" " ind2="4" tag="651"><subfield code="a">North Kingstown (R.I. : Town)</subfield><subfield code="v">Newspapers.</subfield></datafield><datafield ind1=" " ind2=" " tag="752"><subfield code="a">United States</subfield><subfield code="b">Rhode Island</subfield><subfield code="c">Kent</subfield><subfield code="d">East Greenwich.</subfield></datafield><datafield ind1=" " ind2=" " tag="752"><subfield code="a">United States</subfield><subfield code="b">Rhode Island</subfield><subfield code="c">Washington</subfield><subfield code="d">North Kingstown.</subfield></datafield><datafield ind1="0" ind2="4" tag="785"><subfield code="t">Yardarm (East Greenwich, R.I.)</subfield><subfield code="w">(DLC)sn 92064226</subfield></datafield></record>